<?xml version = "1.0" encoding = "UTF-8"?><record>
  <leader>02320nam#a2200469#ca4500</leader>
  <controlfield tag="005">20210409115759.0</controlfield>
  <controlfield tag="007">tu</controlfield>
  <controlfield tag="008">160105m20159999ii############|||#|#san#c</controlfield>
  <controlfield tag="003">DE-605</controlfield>
  <controlfield tag="001">990210189240206441</controlfield>
  <datafield tag="016" ind1="7" ind2=" ">
    <subfield code="a">1074453053</subfield>
    <subfield code="2">OCoLC</subfield>
  </datafield>
  <datafield tag="035" ind1=" " ind2=" ">
    <subfield code="a">(DE-605)HT018848736</subfield>
  </datafield>
  <datafield tag="040" ind1=" " ind2=" ">
    <subfield code="a">5/141</subfield>
    <subfield code="b">ger</subfield>
    <subfield code="e">rda</subfield>
  </datafield>
  <datafield tag="041" ind1=" " ind2=" ">
    <subfield code="a">san</subfield>
    <subfield code="a">hin</subfield>
  </datafield>
  <datafield tag="044" ind1=" " ind2=" ">
    <subfield code="c">XB-IN</subfield>
  </datafield>
  <datafield tag="082" ind1="0" ind2=" ">
    <subfield code="a">181.044</subfield>
    <subfield code="2">22</subfield>
  </datafield>
  <datafield tag="100" ind1="0" ind2=" ">
    <subfield code="a">Ya&#347;ovijaya</subfield>
    <subfield code="d">1624-1688</subfield>
    <subfield code="0">(DE-588)120192691</subfield>
    <subfield code="4">aut</subfield>
    <subfield code="0">(uri) https://portal.dnb.de/opac.htm?method=simpleSearch&amp;cqlMode=true&amp;query=idn=120192691</subfield>
    <subfield code="0">(uri) http://viaf.org/viaf/sourceID/DNB|120192691</subfield>
    <subfield code="B">GND-120192691</subfield>
  </datafield>
  <datafield tag="240" ind1="1" ind2="0">
    <subfield code="a">Dravya-gu&#7751;a-pary&#257;yano r&#257;sa</subfield>
  </datafield>
  <datafield tag="242" ind1="0" ind2="0">
    <subfield code="a">Sammlung &#252;ber Substanz, Eigenschaften, Substanzzust&#228;nde [mit Kommentaren]</subfield>
    <subfield code="y">ger</subfield>
  </datafield>
  <datafield tag="245" ind1="1" ind2="0">
    <subfield code="a">Dravya-gu&#7751;a-pary&#257;ya k&#257; r&#257;sa</subfield>
    <subfield code="b">abhinava Adhy&#257;tma anuyoga vibh&#363;&#7779;ita</subfield>
    <subfield code="c">Mah&#257;mahop&#257;dhy&#257;ya &#346;r&#299;ya&#347;ovijayaj&#299; Ma.S&#257;. viracita svopaj&#241;a&#7789;ab&#257;rtha yukta ; Adhy&#257;tma anuyoga ke racayit&#257; &#256;c&#257;rya Ya&#347;ovijayas&#363;ri</subfield>
  </datafield>
  <datafield tag="246" ind1="3" ind2=" ">
    <subfield code="a">Dravya-gu&#7751;-pary&#257;y k&#257; r&#257;s</subfield>
  </datafield>
  <datafield tag="264" ind1=" " ind2="1">
    <subfield code="a">Ahamad&#257;b&#257;da</subfield>
    <subfield code="b">L&#257;.Da. Bh&#257;rat&#299;ya Sa&#7747;sk&#7771;ti Vidy&#257;mandira</subfield>
    <subfield code="c">2015</subfield>
  </datafield>
  <datafield tag="336" ind1=" " ind2=" ">
    <subfield code="b">txt</subfield>
  </datafield>
  <datafield tag="337" ind1=" " ind2=" ">
    <subfield code="b">n</subfield>
  </datafield>
  <datafield tag="338" ind1=" " ind2=" ">
    <subfield code="b">nc</subfield>
  </datafield>
  <datafield tag="490" ind1="0" ind2=" ">
    <subfield code="a">L&#257;labh&#257;&#299; Dalapatabh&#257;&#299; Bh&#257;rat&#299;ya Sa&#7747;sk&#7771;ti Vidy&#257;mandira grantha&#347;re&#7751;&#299;</subfield>
    <subfield code="v">...</subfield>
  </datafield>
  <datafield tag="505" ind1="8" ind2="0">
    <subfield code="t">Dravya-gu&#7751;a-pary&#257;yano r&#257;sa</subfield>
    <subfield code="r">Ya&#347;ovijaya</subfield>
  </datafield>
  <datafield tag="505" ind1="8" ind2="0">
    <subfield code="t">Dravya-gu&#7751;a-pary&#257;yar&#257;sano &#7789;abo</subfield>
    <subfield code="r">Ya&#347;ovijaya</subfield>
  </datafield>
  <datafield tag="505" ind1="8" ind2="0">
    <subfield code="t">Dravy&#257;nuyogapar&#257;mar&#347;a</subfield>
    <subfield code="r">Ya&#347;ovijaya S&#363;ri</subfield>
  </datafield>
  <datafield tag="505" ind1="8" ind2="0">
    <subfield code="t">Adhy&#257;tma anuyoga</subfield>
    <subfield code="r">Ya&#347;ovijaya S&#363;ri</subfield>
  </datafield>
  <datafield tag="515" ind1=" " ind2=" ">
    <subfield code="a">Erschienen: Bh&#257;ga 1 - 2</subfield>
  </datafield>
  <datafield tag="546" ind1=" " ind2=" ">
    <subfield code="a">Text in Sanskrit, Alt-Gujarati, Hindi</subfield>
  </datafield>
  <datafield tag="546" ind1=" " ind2=" ">
    <subfield code="b">Text in Devanagari-Schrift</subfield>
  </datafield>
  <datafield tag="700" ind1="0" ind2=" ">
    <subfield code="a">Ya&#347;ovijaya S&#363;ri</subfield>
    <subfield code="d">1921-</subfield>
    <subfield code="0">(DE-588)1080816232</subfield>
    <subfield code="4">cmm</subfield>
    <subfield code="0">(uri) https://portal.dnb.de/opac.htm?method=simpleSearch&amp;cqlMode=true&amp;query=idn=1080816232</subfield>
    <subfield code="0">(uri) http://viaf.org/viaf/sourceID/DNB|1080816232</subfield>
    <subfield code="B">GND-1080816232</subfield>
  </datafield>
  <datafield tag="700" ind1="0" ind2="2">
    <subfield code="a">Ya&#347;ovijaya</subfield>
    <subfield code="d">1624-1688</subfield>
    <subfield code="t">Dravya-gu&#7751;a-pary&#257;yar&#257;sano &#7789;abo</subfield>
  </datafield>
  <datafield tag="700" ind1="0" ind2="2">
    <subfield code="a">Ya&#347;ovijaya S&#363;ri</subfield>
    <subfield code="d">1921-</subfield>
    <subfield code="t">Dravy&#257;nuyogapar&#257;mar&#347;a</subfield>
  </datafield>
  <datafield tag="700" ind1="0" ind2="2">
    <subfield code="a">Ya&#347;ovijaya S&#363;ri</subfield>
    <subfield code="d">1921-</subfield>
    <subfield code="t">Adhy&#257;tma anuyoga</subfield>
  </datafield>
  <datafield tag="964" ind1="0" ind2="s">
    <subfield code="F">030</subfield>
    <subfield code="A">a|zur||||||17</subfield>
  </datafield>
  <datafield tag="964" ind1="0" ind2="s">
    <subfield code="F">050</subfield>
    <subfield code="A">a|||||||||||||</subfield>
  </datafield>
  <datafield tag="964" ind1="0" ind2="s">
    <subfield code="F">051</subfield>
    <subfield code="A">n|||||||</subfield>
  </datafield>
  <datafield tag="035" ind1=" " ind2=" ">
    <subfield code="a">(OCoLC)1074453053</subfield>
    <subfield code="0">(uri) http://www.worldcat.org/oclc/1074453053</subfield>
  </datafield>
  <datafield tag="035" ind1=" " ind2=" ">
    <subfield code="a">(DE-599)HBZHT018848736</subfield>
  </datafield>
  <datafield tag="MBD" ind1=" " ind2=" ">
    <subfield code="M">49HBZ_NETWORK</subfield>
    <subfield code="i">990210189240206441</subfield>
    <subfield code="n">HBZ Network</subfield>
  </datafield>
  <datafield tag="MNG" ind1=" " ind2=" ">
    <subfield code="c">System</subfield>
    <subfield code="f">ILS</subfield>
    <subfield code="i">marc21</subfield>
    <subfield code="k">01</subfield>
    <subfield code="e">false</subfield>
    <subfield code="d">2021-04-09 11:57:59 Europe/Berlin</subfield>
    <subfield code="g">021018924-HBZ01</subfield>
    <subfield code="j">60</subfield>
    <subfield code="a">import</subfield>
    <subfield code="b">2021-04-05 21:13:48 Europe/Berlin</subfield>
  </datafield>
  <datafield tag="GPN" ind1="0" ind2=" ">
    <subfield code="a">Yas&#769;ovijaya</subfield>
    <subfield code="c">Su&#772;ri</subfield>
    <subfield code="d">1624-1688</subfield>
    <subfield code="9">v:SWB-AK</subfield>
    <subfield code="A">GND</subfield>
    <subfield code="B">GND-120192691</subfield>
    <subfield code="C">400</subfield>
  </datafield>
  <datafield tag="GPN" ind1="0" ind2=" ">
    <subfield code="a">Yas&#769;ovijaya Su&#772;ri</subfield>
    <subfield code="d">1624-1688</subfield>
    <subfield code="9">v:SWB-AK</subfield>
    <subfield code="A">GND</subfield>
    <subfield code="B">GND-120192691</subfield>
    <subfield code="C">400</subfield>
  </datafield>
  <datafield tag="GPN" ind1="0" ind2=" ">
    <subfield code="a">Yas&#769;ovijayagan&#803;i</subfield>
    <subfield code="d">1624-1688</subfield>
    <subfield code="9">v:LoC-NA</subfield>
    <subfield code="A">GND</subfield>
    <subfield code="B">GND-120192691</subfield>
    <subfield code="C">400</subfield>
  </datafield>
  <datafield tag="GPN" ind1="0" ind2=" ">
    <subfield code="a">Yas&#769;odevasu&#772;ri&#772;</subfield>
    <subfield code="d">1624-1688</subfield>
    <subfield code="A">GND</subfield>
    <subfield code="B">GND-120192691</subfield>
    <subfield code="C">400</subfield>
  </datafield>
  <datafield tag="GPN" ind1="0" ind2=" ">
    <subfield code="a">Yas&#769;ovijaya</subfield>
    <subfield code="c">Gan&#803;i</subfield>
    <subfield code="d">1624-1688</subfield>
    <subfield code="A">GND</subfield>
    <subfield code="B">GND-120192691</subfield>
    <subfield code="C">400</subfield>
  </datafield>
  <datafield tag="GPN" ind1="0" ind2=" ">
    <subfield code="a">Yas&#769;ovijayasu&#772;ri</subfield>
    <subfield code="d">1624-1688</subfield>
    <subfield code="A">GND</subfield>
    <subfield code="B">GND-120192691</subfield>
    <subfield code="C">400</subfield>
  </datafield>
  <datafield tag="GPN" ind1="0" ind2=" ">
    <subfield code="a">Yas&#769;ovijayopa&#772;dhya&#772;ya</subfield>
    <subfield code="d">1624-1688</subfield>
    <subfield code="A">GND</subfield>
    <subfield code="B">GND-120192691</subfield>
    <subfield code="C">400</subfield>
  </datafield>
  <datafield tag="GPN" ind1="0" ind2=" ">
    <subfield code="a">Yashovijayopadhyaya</subfield>
    <subfield code="d">1624-1688</subfield>
    <subfield code="A">GND</subfield>
    <subfield code="B">GND-120192691</subfield>
    <subfield code="C">400</subfield>
  </datafield>
  <datafield tag="GPN" ind1="0" ind2=" ">
    <subfield code="a">Yas&#769;ovijaya Upa&#772;dhya&#772;ya</subfield>
    <subfield code="d">1624-1688</subfield>
    <subfield code="A">GND</subfield>
    <subfield code="B">GND-120192691</subfield>
    <subfield code="C">400</subfield>
  </datafield>
  <datafield tag="GPN" ind1="0" ind2=" ">
    <subfield code="a">Yashovijay Upadhyay</subfield>
    <subfield code="d">1624-1688</subfield>
    <subfield code="A">GND</subfield>
    <subfield code="B">GND-120192691</subfield>
    <subfield code="C">400</subfield>
  </datafield>
  <datafield tag="GPN" ind1="0" ind2=" ">
    <subfield code="a">Yas&#769;ovijayaj</subfield>
    <subfield code="d">1624-1688</subfield>
    <subfield code="A">GND</subfield>
    <subfield code="B">GND-120192691</subfield>
    <subfield code="C">400</subfield>
  </datafield>
  <datafield tag="GPN" ind1="1" ind2=" ">
    <subfield code="a">Yas&#769;ovijayaji&#772;, Mahopa&#772;dhya&#772;ya</subfield>
    <subfield code="d">1624-1688</subfield>
    <subfield code="A">GND</subfield>
    <subfield code="B">GND-120192691</subfield>
    <subfield code="C">400</subfield>
  </datafield>
  <datafield tag="GPN" ind1="1" ind2=" ">
    <subfield code="a">Yashovijayaji, Upadhyayaji</subfield>
    <subfield code="d">1624-1688</subfield>
    <subfield code="A">GND</subfield>
    <subfield code="B">GND-120192691</subfield>
    <subfield code="C">400</subfield>
  </datafield>
  <datafield tag="GSI" ind1="7" ind2=" ">
    <subfield code="a">http://d-nb.info/gnd/120192691</subfield>
    <subfield code="2">uri</subfield>
    <subfield code="A">GND</subfield>
    <subfield code="B">GND-120192691</subfield>
    <subfield code="C">024</subfield>
  </datafield>
  <datafield tag="GPN" ind1="0" ind2=" ">
    <subfield code="a">Yas&#769;ovijayasu&#772;ri</subfield>
    <subfield code="d">1921-</subfield>
    <subfield code="A">GND</subfield>
    <subfield code="B">GND-1080816232</subfield>
    <subfield code="C">400</subfield>
  </datafield>
  <datafield tag="GPN" ind1="0" ind2=" ">
    <subfield code="a">Yas&#769;ovijayasu&#772;ri&#772;ji&#772;</subfield>
    <subfield code="c">A&#772;ca&#772;rya</subfield>
    <subfield code="d">1921-</subfield>
    <subfield code="A">GND</subfield>
    <subfield code="B">GND-1080816232</subfield>
    <subfield code="C">400</subfield>
  </datafield>
  <datafield tag="GPN" ind1="0" ind2=" ">
    <subfield code="a">Yas&#769;ovijaya</subfield>
    <subfield code="c">Su&#772;ri</subfield>
    <subfield code="d">1921-</subfield>
    <subfield code="A">GND</subfield>
    <subfield code="B">GND-1080816232</subfield>
    <subfield code="C">400</subfield>
  </datafield>
  <datafield tag="GPN" ind1="0" ind2=" ">
    <subfield code="a">Nares&#769;a</subfield>
    <subfield code="d">1921-</subfield>
    <subfield code="4">nafr</subfield>
    <subfield code="4">http://d-nb.info/standards/elementset/gnd#EarlierNameOfThePerson</subfield>
    <subfield code="w">r</subfield>
    <subfield code="i">Frueherer Name</subfield>
    <subfield code="e">Frueherer Name</subfield>
    <subfield code="A">GND</subfield>
    <subfield code="B">GND-1080816232</subfield>
    <subfield code="C">400</subfield>
  </datafield>
  <datafield tag="GSI" ind1="7" ind2=" ">
    <subfield code="a">http://d-nb.info/gnd/1080816232</subfield>
    <subfield code="2">uri</subfield>
    <subfield code="A">GND</subfield>
    <subfield code="B">GND-1080816232</subfield>
    <subfield code="C">024</subfield>
  </datafield>
</record>